@misc{TheOceanCleanup,
	author = {},
	title = {{T}he {G}reat {P}acific {G}arbage {P}atch {T}he {O}cean {C}leanup --- theoceancleanup.com},
	howpublished = {\url{https://theoceancleanup.com/great-pacific-garbage-patch/}},
	year = {},
	note = {[Accessed 04-11-2023]},
}

@article{lebreton2018,
  title={Evidence that the Great Pacific Garbage Patch is rapidly accumulating plastic},
  author={Lebreton, Laurent and Slat, Boyan and Ferrari, Francesco and Sainte-Rose, Bruno and Aitken, Jen and Marthouse, Robert and Hajbane, Sara and Cunsolo, Serena and Schwarz, Anna and Levivier, Aurore and others},
  journal={Scientific reports},
  volume={8},
  number={1},
  pages={1--15},
  year={2018},
  publisher={Nature Publishing Group}
}


@misc{OECDData,
	author = {OECD},
	title = {Municipal waste (indicator)},
	howpublished = {\url{https://theoceancleanup.com/great-pacific-garbage-patch/}},
	year = {2023},
	doi = {10.1787/89d5679a-en},
	note = {[Accessed 03-11-2023]},
}

@article{jouhara2017municipal,
  title={Municipal waste management systems for domestic use},
  author={Jouhara, Hussam and Czajczy{\'n}ska, D and Ghazal, Heba and Krzy{\.z}y{\'n}ska, R and Anguilano, Lorna and Reynolds, AJ and Spencer, N},
  journal={Energy},
  volume={139},
  pages={485--506},
  year={2017},
  publisher={Elsevier}
}

@misc{MA48,
	year = {2023},
	author = {Stadt Wien - MA48},
	title = {{H}ausm端llgeb端hren - {T}arife f端r die {M}端llabfuhr --- wien.gv.at},
	howpublished = {\url{https://www.wien.gv.at/umwelt/ma48/tarife/hausmuell.html}},
	year = {},
	note = {[Accessed 30-11-2023]},
}

 @Manual{RLanguage,
    title = {R: A Language and Environment for Statistical Computing},
    author = {{R Core Team}},
    organization = {R Foundation for Statistical Computing},
    address = {Vienna, Austria},
    year = {2018},
    url = {https://www.R-project.org/},
  }